@online{stocklite:old-man,
  author = {{StockLite}},
  title = {Happy senior man giving thumb up, sitting at desk using laptop computer at home},
  date = {2017},
  url = {https://www.shutterstock.com/image-photo/happy-senior-man-giving-thumb-up-73143208},
  organization = {Shutterstock},
  urldate = {2017-04-15},
}

@article{wijiyanto:exif,
  author = {Hendro Wijayanto and Imam Riadi and Yudi Prayudi},
  title = {Encryption EXIF Metadata for Protection Photographic Image of Copyright Piracy},
  journaltitle = {IJRCCT},
  date = {2016},
  volume = {5},
  issue = {5},
  month = {May},
  pages = {237-243},
}
